%This file was created with JabRef 2.2.
%Encoding: Cp1252

@article{marescaux1998virtual,
  title={Virtual reality applied to hepatic surgery simulation: the next revolution.},
  author={Marescaux, Jacques and Cl{\'e}ment, Jean-Marie and Tassetti, Vincent and Koehl, Christophe and Cotin, St{\'e}phane and Russier, Yves and Mutter, Didier and Delingette, Herv{\'e} and Ayache, Nicholas},
  journal={Annals of surgery},
  volume={228},
  number={5},
  pages={627},
  year={1998},
  publisher={Lippincott, Williams, and Wilkins}
}

@article{kang2014stereoscopic,
  title={Stereoscopic augmented reality for laparoscopic surgery},
  author={Kang, Xin and Azizian, Mahdi and Wilson, Emmanuel and Wu, Kyle and Martin, Aaron D and Kane, Timothy D and Peters, Craig A and Cleary, Kevin and Shekhar, Raj},
  journal={Surgical endoscopy},
  volume={28},
  number={7},
  pages={2227--2235},
  year={2014},
  publisher={Springer}
}

@article{chan2013virtual,
  title={Virtual reality simulation in neurosurgery: technologies and evolution},
  author={Chan, Sonny and Conti, Fran{\c{c}}ois and Salisbury, Kenneth and Blevins, Nikolas H},
  journal={Neurosurgery},
  volume={72},
  pages={A154--A164},
  year={2013},
  publisher={LWW}
}

@article{vaapenstad2013procedural,
  title={Procedural virtual reality simulation in minimally invasive surgery},
  author={V{\aa}penstad, Cecilie and Buzink, Sonja N},
  journal={Surgical endoscopy},
  volume={27},
  number={2},
  pages={364--377},
  year={2013},
  publisher={Springer}
}

@article{nam2012application,
  title={Application of stereo-imaging technology to medical field},
  author={Nam, Kyoung Won and Park, Jeongyun and Kim, In Young and Kim, Kwang Gi},
  journal={Healthcare informatics research},
  volume={18},
  number={3},
  pages={158--163},
  year={2012}
}

@article{messier2016interactive,
  title={An Interactive 3D Virtual Anatomy Puzzle for Learning and Simulationâ€”Initial Demonstration and Evaluation},
  author={MESSIER, Erik and WILCOX, Jascha and DAWSON-ELLI, Alexander and DIAZ, Gabriel and Linte, CA},
  journal={Medicine Meets Virtual Reality 22: NextMed/MMVR22},
  volume={220},
  pages={233},
  year={2016},
  publisher={IOS Press}
}

@incollection{raynal2013towards,
  title={Towards unification for pointing task evaluation in 3D desktop virtual environment},
  author={Raynal, Mathieu and Dubois, Emmanuel and Schmitt, B{\'e}n{\'e}dicte},
  booktitle={Human Factors in Computing and Informatics},
  pages={562--580},
  year={2013},
  publisher={Springer}
}

@inproceedings{brewer2012evaluation,
  title={Evaluation of neuroanatomical training using a 3D visual reality model.},
  author={Brewer, Danielle N and Wilson, Timothy D and Eagleson, Roy and de Ribaupierre, Sandrine},
  booktitle={MMVR},
  pages={85--91},
  year={2012}
}
